ISA*00*          *00*          *ZZ*PAYERID        *ZZ*RECEIVERID     *260505*1200*^*00501*000000907*0*T*:~
GS*HP*PAYER*RECEIVER*20260505*1200*3*X*005010X221A1~
ST*835*0003*005010X221A1~
BPR*I*160*C*ACH*CCP*01*111000025*DA*123456789*1512345678**01*999999999*DA*987654321*20260505~
TRN*1*TRACE001*1512345678~
N1*PR*DEMO PAYER~
CLP*CLM001*1*250*160*40*12*PAYERCLAIM001*11*1~
SVC*HC:99213*150*96~
CAS*CO*45*54~
SE*8*0003~
GE*1*3~
IEA*1*000000907~
